<record><leader>01902nam a2200445 a 4500</leader><controlfield tag="001">6752408</controlfield><controlfield tag="003">OCoLC</controlfield><controlfield tag="005">20141121124736.0</controlfield><controlfield tag="006">m     o  d        </controlfield><controlfield tag="007">cr unu</controlfield><controlfield tag="008">141121s2015    inua    o     001 0 eng d</controlfield><datafield ind1=" " ind2=" " tag="020"><subfield code="a">9780133149883</subfield></datafield><datafield ind1=" " ind2=" " tag="020"><subfield code="a">0133149889</subfield></datafield><datafield ind1=" " ind2=" " tag="020"><subfield code="z">9781587205590</subfield></datafield><datafield ind1=" " ind2=" " tag="035"><subfield code="a">ocn896723302</subfield></datafield><datafield ind1=" " ind2=" " tag="037"><subfield code="a">CL0500000504</subfield><subfield code="b">Safari Books Online</subfield></datafield><datafield ind1=" " ind2=" " tag="039"><subfield code="a">exclude</subfield></datafield><datafield ind1=" " ind2=" " tag="040"><subfield code="a">UMI</subfield><subfield code="c">UMI</subfield><subfield code="d">AEU</subfield></datafield><datafield ind1=" " ind2="4" tag="050"><subfield code="a">TK5105.543</subfield><subfield code="b">.W355 2015</subfield></datafield><datafield ind1=" " ind2=" " tag="090"><subfield code="a">Internet Access</subfield><subfield code="b">AEGMCT</subfield></datafield><datafield ind1=" " ind2=" " tag="090"><subfield code="a">Internet Access</subfield><subfield code="b">AEU</subfield></datafield><datafield ind1="1" ind2=" " tag="100"><subfield code="a">Wallace, Kevin,</subfield><subfield code="d">1965-</subfield></datafield><datafield ind1="1" ind2="0" tag="245"><subfield code="a">CCNP routing and switching ROUTE 300-101 offical cert guide</subfield><subfield code="h">[electronic resource] /</subfield><subfield code="c">Kevin Wallace.</subfield></datafield><datafield ind1="3" ind2=" " tag="246"><subfield code="a">Cisco Certified Networking Professional routing and switching Implementing Cisco IP Routing official certification guide</subfield></datafield><datafield ind1=" " ind2=" " tag="260"><subfield code="a">Indianapolis, IN :</subfield><subfield code="b">Pearson Education,</subfield><subfield code="c">c2015.</subfield></datafield><datafield ind1=" " ind2=" " tag="300"><subfield code="a">1 online resource (1 v.) :</subfield><subfield code="b">ill.</subfield></datafield><datafield ind1=" " ind2=" " tag="336"><subfield code="a">text</subfield><subfield code="b">txt</subfield><subfield code="2">rdacontent</subfield></datafield><datafield ind1=" " ind2=" " tag="337"><subfield code="a">computer</subfield><subfield code="b">c</subfield><subfield code="2">rdamedia</subfield></datafield><datafield ind1=" " ind2=" " tag="338"><subfield code="a">online resource</subfield><subfield code="b">cr</subfield><subfield code="2">rdacarrier</subfield></datafield><datafield ind1=" " ind2=" " tag="500"><subfield code="a">Includes index.</subfield></datafield><datafield ind1=" " ind2=" " tag="506"><subfield code="a">Access restricted to authorized users and institutions.</subfield></datafield><datafield ind1=" " ind2=" " tag="588"><subfield code="a">Description based on online resource; title from title page (Safari, viewed Nov. 18, 2014).</subfield></datafield><datafield ind1=" " ind2=" " tag="596"><subfield code="a">44</subfield></datafield><datafield ind1=" " ind2="0" tag="650"><subfield code="a">Routing (Computer network management)</subfield><subfield code="x">Examinations</subfield><subfield code="v">Study guides.</subfield></datafield><datafield ind1=" " ind2="0" tag="650"><subfield code="a">Computer networks</subfield><subfield code="x">Examinations</subfield><subfield code="v">Study guides.</subfield></datafield><datafield ind1=" " ind2="0" tag="650"><subfield code="a">Telecommunication</subfield><subfield code="x">Switching systems</subfield><subfield code="x">Examinations</subfield><subfield code="v">Study guides.</subfield></datafield><datafield ind1=" " ind2="0" tag="650"><subfield code="a">Electronic data processing personnel</subfield><subfield code="x">Certification</subfield><subfield code="v">Study guides.</subfield></datafield><datafield ind1="4" ind2="0" tag="856"><subfield code="3">University of Alberta Access</subfield><subfield code="u">http://proquest.safaribooksonline.com/?uiCode=ualberta&amp;xmlId=9780133149883</subfield></datafield><datafield ind1=" " ind2=" " tag="949"><subfield code="a">Internet Access</subfield><subfield code="h">UAIN</subfield><subfield code="m">GR_MAC_INT</subfield><subfield code="z">SAFMAC</subfield></datafield><datafield ind1=" " ind2=" " tag="926"><subfield code="a">Internet Access</subfield><subfield code="w">LC</subfield><subfield code="c">1</subfield><subfield code="i">6752408-1001</subfield><subfield code="l">INTERNET</subfield><subfield code="m">UAINTERNET</subfield><subfield code="r">Y</subfield><subfield code="s">Y</subfield><subfield code="t">E-RESOURCE</subfield><subfield code="u">12/3/2014</subfield><subfield code="x">E-BOOK</subfield><subfield code="z">SAFARI</subfield></datafield></record>